<?xml version="1.0" encoding="UTF-8"?>
<collection xmlns:xsi="http://www.w3.org/2001/XMLSchema-instance" xsi:schemaLocation="http://www.loc.gov/MARC21/slim http://www.loc.gov/standards/marcxml/schema/MARC21slim.xsd" xmlns="http://www.loc.gov/MARC21/slim">
<record>
  <leader>00789cam a22001931  4500</leader>
  <controlfield tag="001">3068301</controlfield>
  <controlfield tag="003">NNC</controlfield>
  <controlfield tag="005">20110714130737.0</controlfield>
  <controlfield tag="008">010820s1910    ua            000 0 ara d</controlfield>
  <datafield tag="035" ind1=" " ind2=" ">
    <subfield code="a">(OCoLC)ocm47807195</subfield>
  </datafield>
  <datafield tag="035" ind1=" " ind2=" ">
    <subfield code="9">ATP0748CU</subfield>
  </datafield>
  <datafield tag="035" ind1=" " ind2=" ">
    <subfield code="a">(NNC)3068301</subfield>
  </datafield>
  <datafield tag="040" ind1=" " ind2=" ">
    <subfield code="a">ZCU</subfield>
    <subfield code="c">ZCU</subfield>
  </datafield>
  <datafield tag="099" ind1=" " ind2=" ">
    <subfield code="a">893.799</subfield>
    <subfield code="a">Q11</subfield>
  </datafield>
  <datafield tag="100" ind1="1" ind2=" ">
    <subfield code="a">Qadrī, Muḥammad,</subfield>
    <subfield code="c">Pasha.</subfield>
  </datafield>
  <datafield tag="245" ind1="1" ind2="0">
    <subfield code="a">Kitāb Murshid al-ḥairān ilā maʻrifat aḥwāl al-insān, fī al-muʻāmalāt al-sharʻīyah ʻalā madhhab al-imām Abī Ḥanīfah al-Nuʻmān, mulāʾiman liʻurf al-diyār al-Miṣrīyah wasāʾir al-umam al-Islāmīyah,</subfield>
    <subfield code="c">limuʾallifihī Muḥammad Qadrī Bāshā.</subfield>
  </datafield>
  <datafield tag="260" ind1=" " ind2=" ">
    <subfield code="a">Miṣr,</subfield>
    <subfield code="b">al-Maktabah al-Miṣrīyah al-ʻAshmāwī,</subfield>
    <subfield code="c">1338 h. [1910 m.]</subfield>
  </datafield>
  <datafield tag="300" ind1=" " ind2=" ">
    <subfield code="a">210 p.</subfield>
  </datafield>
  <datafield tag="955" ind1=" " ind2=" ">
    <subfield code="b">CU58867163</subfield>
    <subfield code="d">off,glx</subfield>
    <subfield code="e">893.799 Q11</subfield>
  </datafield>
</record>
</collection>